<record><leader>00000cas a22000007a 4500</leader><controlfield tag="001">11980632</controlfield><controlfield tag="008">850430d19641968wiuwr ne      0    0eng d</controlfield><datafield ind1=" " ind2=" " tag="010"><subfield code="a">sn 85040569 </subfield></datafield><datafield ind1=" " ind2=" " tag="040"><subfield code="a">NPV</subfield><subfield code="b">eng</subfield><subfield code="c">NPV</subfield><subfield code="d">OCLCQ</subfield></datafield><datafield ind1=" " ind2=" " tag="042"><subfield code="a">msc</subfield></datafield><datafield ind1="0" ind2=" " tag="130"><subfield code="a">Representative (Fox Lake, Wis.)</subfield></datafield><datafield ind1="1" ind2="4" tag="245"><subfield code="a">The representative.</subfield></datafield><datafield ind1=" " ind2=" " tag="260"><subfield code="a">[Fox Lake, Wis.] :</subfield><subfield code="b">D.D. Enersen,</subfield><subfield code="c">1964-1968.</subfield></datafield><datafield ind1=" " ind2=" " tag="300"><subfield code="a">5 v. :</subfield><subfield code="b">ill.</subfield></datafield><datafield ind1=" " ind2=" " tag="310"><subfield code="a">Weekly</subfield></datafield><datafield ind1="0" ind2=" " tag="362"><subfield code="a">Vol. 98, no. 41 (Oct. 22, 1964)-v. 102, no. 52 (Dec. 26, 1968).</subfield></datafield><datafield ind1=" " ind2=" " tag="500"><subfield code="a">Publisher varies.</subfield></datafield><datafield ind1=" " ind2=" " tag="752"><subfield code="a">United States</subfield><subfield code="b">Wisconsin</subfield><subfield code="c">Dodge</subfield><subfield code="d">Fox Lake.</subfield></datafield><datafield ind1="0" ind2="0" tag="780"><subfield code="t">Fox Lake representative (Fox Lake, Wis. : 1887)</subfield><subfield code="w">(DLC)sn 85040568</subfield></datafield><datafield ind1="0" ind2="0" tag="785"><subfield code="t">Fox Lake representative (Fox Lake, Wis. : 1969)</subfield><subfield code="w">(DLC)sn 85040570</subfield></datafield></record>